@article{alishahi2009bounds,
  title={Bounds on the sum capacity of synchronous binary CDMA channels},
  author={Alishahi, Kasra and Marvasti, Farokh and Aref, Vahid and Pad, Pedram},
  journal={IEEE transactions on information theory},
  volume={55},
  number={8},
  pages={3577--3593},
  year={2009},
  publisher={IEEE}
}

@article{hawley2004handbook,
  title={Handbook of Technical Writing},
  author={Hawley, Todd},
  journal={Technical Communication},
  volume={51},
  number={1},
  pages={124--126},
  year={2004},
  publisher={Society for Technical Communication}
}

@article{conley1998nativity,
  title={Nativity and wealth in mid-nineteenth-century cities},
  author={Conley, Timothy G and Galenson, David W},
  journal={The Journal of Economic History},
  volume={58},
  number={2},
  pages={468--493},
  year={1998},
  publisher={Cambridge University Press}
}

@inproceedings{doan2002learning,
  title={Learning to map between ontologies on the semantic web},
  author={Doan, AnHai and Madhavan, Jayant and Domingos, Pedro and Halevy, Alon},
  booktitle={Proceedings of the 11th international conference on World Wide Web},
  pages={662--673},
  year={2002}
}

@article{duzdevich2014dna,
  title={DNA dynamics and single-molecule biology},
  author={Duzdevich, Daniel and Redding, Sy and Greene, Eric C},
  journal={Chemical reviews},
  volume={114},
  number={6},
  pages={3072--3086},
  year={2014},
  publisher={ACS Publications}
}



@book{gilbarg1977elliptic,
  title={Elliptic partial differential equations of second order},
  author={Gilbarg, David and Trudinger, Neil S.},
  year={1977},
  publisher={Springer-Verlag},
  address={Berlin ; New York},
  series={Grundlehren der mathematischen Wissenschaften ; 224},
  isbn={3540411607}
}

@book{haykin2004kalman,
  title={Kalman filtering and neural networks},
  author={Haykin, Simon},
  year={2004},
  publisher={John Wiley \& Sons}
}

@article{haykin2005cognitive,
  title={Cognitive radio: brain-empowered wireless communications},
  author={Haykin, Simon},
  journal={IEEE journal on selected areas in communications},
  volume={23},
  number={2},
  pages={201--220},
  year={2005},
  publisher={IEEE}
}

@book{knuth1986computers,
  title={The Computers \& Typesetting, Vol. A: The Texbook},
  author={Knuth, Donald Ervin},
  year={1986},
  publisher={Addison-Wesley Longman Publishing Co., Inc.}
}

@book{kothari2004research,
  title={Research methodology: Methods and techniques},
  author={Kothari, Chakravanti Rajagopalachari},
  year={2004},
  publisher={New Age International}
}

@book{weste2016cmosvlsi,
  author    = {Weste, Neil H. E. and Harris, David M.},
  title     = {CMOS VLSI Design: A Circuits and Systems Perspective},
  edition   = {4th ed. or later},
  publisher = {Pearson Education},
  year      = {2016},
  note      = {This may refer to the Pearson Global Edition, 2016}
}

@phdthesis{ozcan2016cognitive,
  title={Cognitive radio systems: Performance analysis and optimal resource allocation},
  author={Ozcan, Gozde},
  year={2016},
  school={Syracuse University}
}

@article{waldron2003generalized,
  title={Generalized Welch bound equality sequences are tight frames},
  author={Waldron, Shayne},
  journal={IEEE Transactions on Information Theory},
  volume={49},
  number={9},
  pages={2307--2309},
  year={2003},
  publisher={IEEE}
}

@article{maedche2005ontology,
  title={Ontology learning for the semantic web},
  author={Maedche, Alexander and Staab, Steffen},
  journal={IEEE Intelligent systems},
  volume={16},
  number={2},
  pages={72--79},
  year={2005},
  publisher={IEEE}
}

@incollection{mohanaprasad2017optimized,
  title={Optimized-Fuzzy-Logic-Based Bit Loading Algorithms},
  author={Mohanaprasad, K and Jayaprakash, Arunprakash and Sathasivam, Sivanantham and others},
  booktitle={Handbook of Research on Fuzzy and Rough Set Theory in Organizational Decision Making},
  pages={305--315},
  year={2017},
  publisher={IGI Global Scientific Publishing}
}

@article{mypaper1,
          author = {Thilagavathi, K. and Sivanantham, S},
          title = {Two-stage low power test data compres- sion for digital vlsi circuits},
          journal = {Computers and Electrical Engineering},
          volume = {71},
          number = {},
          pages = {309–320},
          year = {2018},
          keywords = {mine}
}

@article{yourarticle2025,
      title = {Built-in self-test methodology for system-on-a- chip testing},
      author = {Sivanantham, S. and Tresa, T},
      journal = {Journal of Scientific and Industrial Research},
      volume = {76},
      number = {3},
      pages = {149–153},
      year = {2017},
      keywords = {mine}
}

@article{yourarticle2010,
      title = {Automatic defect detection and counting in radiographic weldment images},
      author = {Thiruganam, M. and Anouncia, S. M. and Kantipudi, S},
      journal = {International Journal of Computer Applications},
      volume = {10},
      number = {2},
      pages = {1-5},
      year = {2010},
      keywords = {mine}
}

@article{yourarticle20252,
      title = {Sensing UHF-TV spectrum for narrowband cognitive radios in a malicious presence},
      author = {Clement, J. C. and Emmanuel, D.},
      journal = {Canadian Journal of Electrical and Computer Engineering},
      volume = {39},
      number = {2},
      pages = {141-49},
      year = {2016},
      keywords = {mine}
}